<record><leader>00000cas a22000007a 4500</leader><controlfield tag="001">20389016</controlfield><controlfield tag="008">890925u1912uuuumnuuu ne      0    0eng d</controlfield><datafield ind1=" " ind2=" " tag="010"><subfield code="a">sn 89064158 </subfield></datafield><datafield ind1=" " ind2=" " tag="040"><subfield code="a">MN#</subfield><subfield code="b">eng</subfield><subfield code="c">MN#</subfield><subfield code="d">OCLCQ</subfield></datafield><datafield ind1=" " ind2=" " tag="042"><subfield code="a">msc</subfield></datafield><datafield ind1=" " ind2=" " tag="043"><subfield code="a">n-us-mn</subfield></datafield><datafield ind1=" " ind2=" " tag="052"><subfield code="a">4144</subfield><subfield code="b">M2</subfield></datafield><datafield ind1=" " ind2=" " tag="052"><subfield code="a">4143</subfield><subfield code="b">L2</subfield></datafield><datafield ind1="0" ind2="4" tag="245"><subfield code="a">The rouser.</subfield></datafield><datafield ind1=" " ind2=" " tag="260"><subfield code="a">Madison, Minn. :</subfield><subfield code="b">Madison High School</subfield></datafield><datafield ind1=" " ind2=" " tag="300"><subfield code="a">v.</subfield></datafield><datafield ind1=" " ind2=" " tag="310"><subfield code="a">Every 6 weeks (during school year),</subfield><subfield code="b">Oct. 25, 1937-</subfield></datafield><datafield ind1=" " ind2=" " tag="321"><subfield code="a">7 issues (during school year),</subfield><subfield code="b">&lt;Nov., 1923&gt;-May, 1927</subfield></datafield><datafield ind1=" " ind2=" " tag="321"><subfield code="a">Monthly (during school year),</subfield><subfield code="b">Oct., 1927-May 12, 1937</subfield></datafield><datafield ind1="1" ind2=" " tag="362"><subfield code="a">Began in 1912.</subfield></datafield><datafield ind1=" " ind2=" " tag="530"><subfield code="a">Available on microfilm from the Minnesota Historical Society.</subfield></datafield><datafield ind1=" " ind2=" " tag="588"><subfield code="a">Description based on: Vol. 12, no. 1 (Nov., 1923).</subfield></datafield><datafield ind1=" " ind2=" " tag="752"><subfield code="a">United States</subfield><subfield code="b">Minnesota</subfield><subfield code="c">Lac qui Parle</subfield><subfield code="d">Madison.</subfield></datafield></record>